@Misc{dnsPacket,
    author = {Alan Mislove},
    title = {Project 1: Simple DNS Client},
    howpublished = {[online]},
    year = {leden 2011},
    note = {[vid. 2022-10-20]},
    url = {https://mislove.org/teaching/cs4700/spring11/handouts/project1-primer.pdf},
}

@Misc{dnsPacketInfo,
    author = {P. Mockapetris},
    title = {DOMAIN NAMES - IMPLEMENTATION AND SPECIFICATION},
    howpublished = {[online]},
    year = {Listopad 1987},
    note = {[vid. 2022-10-20]},
    url = {https://www.ietf.org/rfc/rfc1035.txt},
}

@Misc{encodingData,
    author = {Markus Gutschke, Google Inc},
    title = {Base32 implementation},
    howpublished = {[online]},
    year = {2010},
    note = {[vid. 2022-10-20]},
    url = {https://github.com/google/google-authenticator-libpam/blob/master/src/base32.c},
}
